@misc{cita1,
	title = "Web oficial de Django \url{https://www.djangoproject.com/}",
	year = "consultado en Marzo de 2017",
}

@misc{cita2,
	title = "Web oficial de Python \url{https://www.python.org/}",
	year = "consultado en Marzo de 2017",
}

@misc{cita3,
	title = "Web oficial de Bootstrap \url{http://getbootstrap.com/}",
	year = "consultado en Marzo de 2017",
}

@misc{cita4,
	title = "Web oficial de w3schools \url{https://www.w3schools.com/html/}",
	year = "consultado en Marzo de 2017",
}

@misc{cita5,
	title = "Web oficial de w3schools \url{https://www.w3schools.com/css/}",
	year = "consultado en Marzo de 2017",
}

@misc{cita6,
	title = "Web oficial de JavaScript \url{https://www.javascript.com/}",
	year = "consultado en Marzo de 2017",
}

@misc{cita7,
	title = "Web oficial de Ajax \url{https://learn.jquery.com/ajax/}",
	year = "consultado en Marzo de 2017",
}

@misc{cita8,
	title = "Web oficial de jQuery \url{https://jquery.com/}",
	year = "consultado en Marzo de 2017",
}

@misc{cita9,
	title = "Web oficial de mongodb \url{https://www.mongodb.com/}",
	year = "consultado en Marzo de 2017",
}

@misc{cita_dropbox,
	title = "Web oficial de dropbox \url{https://www.dropbox.com/}",
	year = "consultado en Marzo de 2017",
}

@misc{cita_google_drive,
	title = "Web oficial de google \url{https://www.google.com/intl/es_ALL/drive/}",
	year = "consultado en Marzo de 2017",
}

@misc{cita_mega,
	title = "Web oficial de mega \url{https://mega.nz/}",
	year = "consultado en Marzo de 2017",
}

@misc{cita_onedrive,
	title = "Web oficial de onedrive \url{https://onedrive.live.com/about/es-419/}",
	year = "consultado en Marzo de 2017",
}